


@thesis{thisen,
        author={Bruno P. Gaideski and  Jhonathan L. Wolff },
	title = {{Guardian Angel System - Motorcycle accident monitoring system via mobile app}},
        year={2019},
type={Positivo University}
}

@thesis{this,
        author={Bruno P. Gaideski and  Jhonathan L. Wolff },
	title = {{Sistema Anjo da Guarda - Sistema para monitoramento de acidentes de moto via aplicativo mobile}},
        year={2019},
type={Universidade Positivo}
}




 @comment{ GIANNINI, Deborah. Motoboys são os que mais sofrem acidentes, diz 
           Ministério da Saude 2018. Disponivel em: 
           . 
           Acesso em: 13 mar. 2019.  }
@article{giannini2019motoboys,
 author = "GIANNINI, Deborah",
 title = "Motoboys são os que mais sofrem acidentes",
 address = "Disponível em: <https://noticias.r7.com/saude/motoboys-sao-os-que-mais-sofrem-acidentes-diz-ministerio-da-saude-30072018>",
 volume = "13",
 year = 2019
}

 @comment{ LOGGI. Moto boy online.
           . 
           Acesso em: 13 mar. 2019. }
@article{2019moto,
 author = "LOGGI",
 title = "Moto boy online",
 volume = "13",
 year = 2019
}


 @comment{ BOM DIA SP. Acidentes fatais com motociclistas aumentam quase 18% 
           em um ano em SP: Em 2018, foram 366 mortes na capital paulista, contra 311 em 2017. Aplicativos de comida dão bônus por entregas 
           rápidas... 2019. Disponível em: 
           . 
           Acesso em: 18 abr. 2019. }
@book{2019acidentes,
 author = "BOM-DIA-SP",
 title = "Acidentes fatais com motociclistas aumentam quase 18\% em um ano em {SP}: {Em} 2018, foram 366 mortes na capital paulista",
 publisher = "Bom dia SP - São Paulo",
 year = 2019,
 address = "Disponível em: <https://g1.globo.com/sp/sao-paulo/noticia/2019/02/22/acidentes-fatais-com-motociclistas-aumentam-quase-18-em-um-ano-em-sp.ghtml> "}
 
  @comment{ RIBEIRO, Bruno; FELIX, Paula. Mortes de motociclistas em SP sobem 
           18\%; nº de vítimas é o maior em 3 anos: Técnicos da Prefeitura 
           avaliam que crescimento dos aplicativos de entrega na capital é 
           uma das principais causas para a alta de acidentes; já os óbitos 
           de ciclistas caíram 40,5\% e de pedestres, 5,8\% no ano passado, 
           segundo dados do governo estadual. 2019. Disponível em: 
           . 
           Acesso em: 18 abr. 2019. }
@book{ribeiro2019mortes,
 author = "RIBEIRO, Bruno;Paula and FELIX",
 year = 2019,
 title = "Mortes de motociclistas em {SP} sobem 18\%; nº de vítimas é o maior em 3 anos: {T}écnicos da {Prefeitura} avaliam que crescimento dos aplicativos de entrega na capital é uma das principais causas para a alta de acidentes; já os óbitos de ciclistas caíram 40, 5\% e de pedestres, 5, 8\% no ano passado",
 publisher = "segundo dados do governo estadual",
 address = "Disponível em : <https://sao-paulo.estadao.com.br/noticias/geral,mortes-de-motociclistas-em-sp-sobem-18-n-de-vitimas-e-o-maior-em-3-anos,70002689056>"}
 
@article{Magnani2017Saulo,
  title={Estudo da din{\^a}mica das motocicletas em frenagens e curvas: O efeito da t{\'e}cnica do piloto e da condi{\c{c}}ao da estrada},
  author={Magnani, F{\'a}bio Santana and dos Santos Cunha, Saulo},
  journal={Revista Brasileira de Ensino de F{\i}sica},
  volume={39},
  number={2},
  pages={e2311},
  year={2017}
}

@comment{ COSTA, Daiane. Só setor de transporte gera empregos, graças a 
           aplicativos de mobilidade. 2019. Disponível em: 
           . 
           Acesso em: 18 abr. 2019.  }
@book{costa2019s,
 author = "COSTA, Daiane",
 year=2019,
 title = "Só setor de transporte gera empregos",
 publisher = "graças a aplicativos de mobilidade",
 address = "Disponível em: <https://oglobo.globo.com/economia/so-setor-de-transporte-gera-empregos-gracas-aplicativos-de-mobilidade-23559423>" }
 
 
@inproceedings{thompson2010using,
  title={Using smartphones to detect car accidents and provide situational awareness to emergency responders},
  author={Thompson, Chris and White, Jules and Dougherty, Brian and Albright, Adam and Schmidt, Douglas C},
  booktitle={International Conference on Mobile Wireless Middleware, Operating Systems, and Applications},
  pages={29--42},
  year={2010},
  organization={Springer}
}

@comment{ CANDEFJORD, Stefan et al. Using Smartphones to Monitor Cycling and 
           Automatically Detect Accidents - Towards eCall Functionality for 
           Cyclists. Safer Vehicle And Traffic Safety Centre At Chalmers, 
           Gothenburg, v. 19, n. 18, p.2-9, nov. 2014. }
@book{candefjord2014using,
 author = "CANDEFJORD, Stefan and others",
 title = "Using {Smartphones} to {Monitor} {Cycling} and {Automatically} {Detect} {Accidents} - {Towards} {eCall} {Functionality} for {Cyclists}",
 publisher = "Safer {Vehicle} {And} {Traffic} {Safety} {Centre} {At} {Chalmers}, {Gothenburg}, v",
 pages = "2--9",
 year = 2014
}

 @comment{ SCHLAG, Fredy. MONITORAMENTO DA AGRESSIVIDADE NA DIREÇÃO DE 
           CAMINHÕES ATRAVÉS DE ACELERÔMETRO E GPS. 2017. 64 f. TCC 
           (Graduação) - Curso de Ciência da Computação, Centro de 
           Ciências Exatas e Naturais, Universidade Regional de Blumenau, 
           Blumenau, 2017. Disponível em: 
           . 
           Acesso em: 16 abr. 2019.  }
@article{schlag2019monitoramento,
 author = "SCHLAG, Fredy",
 year = 2017,
 title = "{MONITORAMENTO DA AGRESSIVIDADE NA DIREÇÃO DE CAMINHÕES ATRAVÉS DE ACELERÔMETRO E GPS}",
 journal = "64 f. {TCC} ({Gradua}ção) - {Curso} de {Ci}ência da {Computa}ção, {Centro} de {Ci}ências {Exatas} e {Naturais}, {Universidade} {Regional} de {Blumenau}, {Blumenau}, 2017. {Dispon}ível em: . {Acesso} em:",
 address = "Disponível em:  <http://dsc.inf.furb.br/arquivos/tccs/monografias/2017\underline{\hspace{.25in}}1\underline{\hspace{.25in}}fredy\underline{\hspace{.25in}}monografia.pdf>"}
 
 
 
 
  @comment{ LIMA, Vinícius de Oliveira; RICARDO, Z.. Proposta de emprego de 
           giroscópio e acelerômetro na perícia de acidentes 
           automobilísticos. Revista Brasileira de Criminalística, [s.l.], 
           v. 6, n. 1, p.66-74, 14 dez. 2016. Associação Brasileira de 
           Criminalística - ABC. http://dx.doi.org/10.15260/rbc.v6i1.149.  }
@article{lima2016proposta,
 author = "LIMA, Vinícius de Oliveira; Z and RICARDO",
 title = "Proposta de emprego de giroscópio e acelerômetro na perícia de acidentes automobilísticos",
 journal = "Revista {Brasileira} de {Criminal}ística, [s. l. ], v. 6, n. 1, p. 66-74",
 volume = "6",
 number = "1",
 number = "14",
 pages = "66--74",
 year = 2016, 
 url = "http://dx.doi.org/10.15260/rbc.v6i1.149"
}

 @comment{ EUROPEAN COMMISSION Europa The interoperable EU-wide eCall. 
           Disponível em: 
           . 
           Acesso em: 27 abr. 2019.  }
@article{2019interoperable,
 author = "EUROPEAN COMMISSION Europa",
 title = "The interoperable {EU}-wide {eCall}",
 volume = "27",
 year = 2019
}


 @comment{ DÁLIO, Daniela. Atendimento especializado na "golden hour" é 
           essencial para reduzir mortalidade e evitar sequelas em pacientes 
           de trauma. 2014. Disponível em: 
           . 
           Acesso em: 11 jun. 2019. }
@article{lio2019atendimento,
 author = "DÁLIO, Daniela",
 title = "Atendimento especializado é essencial para reduzir mortalidade e evitar sequelas em pacientes de trauma",
 Addres = "Disponível em: <http://datasus.saude.gov.br/noticias/atualizacoes/496-atendimento-especializado-na-golden-hour-e-essencial-para-reduzir-mortalidade-e-evitar-sequelas-em-pacientes-de-trauma>",
 volume = "11",
 year = 2019
}
@article{tanenbaum2003redes,
  title={Redes de computadores Quarta edi{\c{c}}{\~a}o},
  author={Tanenbaum, Andrew S},
  journal={Amsterdam: Vrije Universiteit},
  year={2003}
}
@book{paret1997i2c,
  title={The I2C bus: from theory to practice},
  author={Paret, Dominique and Fenger, Carl},
  year={1997},
  publisher={John Wiley \& Sons, Inc.}
}
@article{heydon2013bluetooth,
  title={Bluetooth low energy: the developer's handbook},
  author={Heydon, Robin},
  year={2013},
  publisher={Prentice Hall}
}
@online{Android,
  author = {Google  API Guide for Android },
  title = {Documentação para desenvolvedores de apps},
  year = 2019,
  url = {https://developer.android.com/docs},
  urldate = {2019-04-26}
}

@online{Esp32,
  author = {Espressif Systems},
  title = {ESP32 Series Datasheet},
  year = 2019,
  url = {https://www.espressif.com/sites/default/files/documentation/esp32_datasheet_en.pdf},
  urldate = {2019-06-19}
}
@online{MPU6050,
  author = {InvenSense, Inc},
  title = {MPU-6000 and MPU-6050 Product Specification Revision 3.4},
  year = 2013,
  url = {https://store.invensense.com/datasheets/invensense/MPU-6050_DataSheet_V3\%204.pdf},
  urldate = {2019-06-19}
}
@online{StepDown,
  author = {Texas Instruments Incorporated},
  title = {LM2596 SIMPLE SWITCHER® Power Converter 150-kHz
3-A Step-Down Voltage Regulator},
  year = 1999,
  url = {http://www.ti.com/lit/ds/symlink/lm2596.pdf},
  urldate = {2019-06-19}
}


@inproceedings{candefjord2014using,
  title={Using smartphones to monitor cycling and automatically detect accidents: Towards ecall functionality for cyclists},
  author={Candefjord, Stefan and Sandsj{\"o}, Leif and Andersson, Robert and Carlborg, Niklas and Szakal, Adam and Westlund, Johannes and Sj{\"o}qvist, Bengt Arne},
  booktitle={International Cycling Safety Conference 2014, 18-19 November 2014, G{\"o}teborg, Sweden},
  year={2014}
}


@manual{MATLAB:2017b,
  address = {Natick, Massachusetts},
  organization = {The Mathworks, Inc.},
  title = {{Measure rate of rotation around X, Y, and Z axes}},
  year = {2019}
}
@online{MATLAB,
  author = {The Mathworks, Inc.},
  title = {Measure rate of rotation around X, Y, and Z axes},
  year = 2019,
  url = {https://www.mathworks.com/help/supportpkg/android/ref/gyroscope.html},
  urldate = {2019-11-05}
}