@misc{onu_2015,
    author = {ONU},
    title  = {Objetivo 12. Assegurar padrões de produção e de consumo sustentáveis},
    month  = {jan},
    year   = {2015},
    url    = {https://nacoesunidas.org/pos2015/ods12/},
    note   = {Acesso em: 20 mar. 2020.}
}

@article{kaue_tatiane_marcos_2017,
	author   = {Kauê Duarte and Tatiane Silveira and Marcos Borges},
	title    = {Abordagem para o Ensino da Lógica de Programação em Escolas do Ensino Fundamental II através da Ferramenta Scratch 2.0},
	journal  = {Anais do Workshop de Informática na Escola},
	volume   = {23},
	number   = {1},
	year     = {2017},
	issn     = {2316-6541},	
	pages    = {175},
	doi      = {10.5753/cbie.wie.2017.175},
	url      = {https://www.br-ie.org/pub/index.php/wie/article/view/7235}
}

@article{suenia_andre_2012,
    author   = {Suênia Lino Molin and André Luís Alice Raabe}, 
    title    = {Novas tecnologias na educação: transformações da prática pedagógica no discurso do professor},
    journal  = {Acta Scientiarum. Education},
	volume   = {34},
	number   = {2},
	year     = {2012},
	pages    = {249-259},
	doi      = {10.4025/actascieduc.v34i2.16485},
	url      = {http://periodicos.uem.br/ojs/index.php/ActaSciEduc/article/view/16485}
}

@misc{abrelpe_2017,
    title        = {panorama dos residuos sólidos no Brasil 2017},
    organization = {abrelpe},
    institution  = {abrelpe},
    year         = {2017},
    url          = {http://abrelpe.org.br/pdfs/panorama/panorama_abrelpe_2017.pdf}
}

@article {cognizant_2017,
    title        = {21 Jobs of the Future: A Guide to Getting – and Staying – Employed for the Next 10}, Years        ={},
    organization = {Center For The Future of Work},
    institution  = {Cognizant},
    year         = {2017},
    url          = {https://www.cognizant.com/whitepapers/21-jobs-of-the-future-a-guide-to-getting-and-staying-employed-over-the-next-10-years-codex3049.pdf}
}

@misc {school_of_life,
    author = {},
    year   = {},
    title  = {David Baker},
    url    = {https://www.theschooloflife.com/saopaulo/quem-somos/equipe/david-baker/},
    note   = {Acesso em: 21 mar. 2020.}
}

@misc {carvalho_2015,
    author = {Rafael Carvalho},
    month  = {Oct},
    year   = {2015},
    title  = {E se sua profissão não existisse amanhã?},
    url    = {https://www.napratica.org.br/e-se-sua-profissao-nao-existisse-amanha/},
    note   = {Acesso em: 21 mar. 2020.}
}

@misc {winick_2018,
    author = {Erin Winick},
    month  = {Jun},
    year   = {2018},
    title  = {The secret to stopping the robot apocalypse? Popcorn butter. - Humans are still crucial to Amazon’s fulfillment process.},
    url    = {https://www.technologyreview.com/2018/06/04/66839/humans-are-still-crucial-to-amazons-fulfillment-process/},
    note   = {Acesso em: 21 mar. 2020.}
}

@misc {autran_2018,
    author = {Felipe Autran},
    month  = {Nov},
    year   = {2018},
    title  = {Assista ao primeiro comercial escrito por uma inteligência artificial},
    url    = {https://www.tecmundo.com.br/mobilidade-urbana-smart-cities/136323-assista-primeiro-comercial-escrito-inteligencia-artificial.htm},
    note   = {Acesso em: 21 mar. 2020.}
}

@misc {demartini_2016,
    author = {Marina Demartini},
    month  = {Oct},
    year   = {2016},
    title  = {Caminhão autônomo da Uber faz 1ª entrega: 45 mil latas de cerveja},
    url    = {https://exame.abril.com.br/tecnologia/caminhao-autonomo-da-uber-faz-1a-entrega-45-mil-latas-de-cerveja/},
    note   = {Acesso em: 21 mar. 2020.}
}

@misc {bncc_2017,
    title        = {Base Nacional Comum Curricular},
    organization = {BNCC},
    institution  = {Ministério da Educação},
    year         = {2017},
    url          = {http://basenacionalcomum.mec.gov.br/images/BNCC_EI_EF_110518_versaofinal_site.pdf}
}

@article{antonello_cardoso_2015,
	author   = {Rogério Cardoso and Sérgio Luis Antonello},
	title    = {Interdisciplinaridade, programação visual e robótica educacional: relato de experiência sobre o ensino inicial de programação},
	journal  = {Anais dos Workshops do IV Congresso Brasileiro de Informática na Educação (CBIE 2015)},
	volume   = {},
	number   = {},
	year     = {2015},
	issn     = {},	
	pages    = {1255-1262},
	doi      = {10.5753/cbie.wcbie.2015.1255},
	url      = {https://br-ie.org/pub/index.php/wcbie/article/view/6282/4396}
}

@book{goleman_2012,
 author  = {Daniel Goleman},
 title   = {Inteligência Emocional -  A teoria revolucionária que redefine o que é ser inteligente},
 publisher= {Objetiva},
 pages   = {370},
 year = {2012}
}

@article{geraldes_2014,
	author   = {Wendell Bento Geraldes},
	title    = {PROGRAMAR É BOM PARA AS CRIANÇAS? UMA VISÃO CRÍTICA SOBRE O ENSINO DE PROGRAMAÇÃO NAS ESCOLAS},
	journal  = {Periódicos da Faculdade de Letras - UFMG},
	volume   = {7},
	number   = {2},
	year     = {2014},
	issn     = {1983-3652},	
	pages    = {105-117},
	url      = {http://www.periodicos.letras.ufmg.br/index.php/textolivre/article/view/6143/5963}
}

@article{lima_queiroz_santana_2018,
	author  = {Claudia Lucia De Lima and Erika Cristina Silva Batista Queiroz and Geraldo Jose Sant' Anna},
	title   = {A RELAÇÃO ENTRE CONCENTRAÇÃO E APRENDIZAGEM: O USO DE TIDC PARA A APRENDIZAGEM DO APRENDER},
	journal = {CIET:EnPED},
	year    = {2018},
	issn    = {2316-8722},	
	url     = {https://cietenped.ufscar.br/submissao/index.php/2018/article/view/474}
}

@book{dornyei_2001,
 author  = {Zoltán Dörnyei},
 title   = {Motivational Strategies in the Language Classroom},
 address ={Nova Iorque},
 publisher= {Cambridge},
 pages   = {81},
 year = {2001}
}

@book{schwartz_2007,
 author  = {Willian Robson Schwartz and  Hélio Pedrini},
 title   = {Análise De Imagens Digitais: Princípios, Algoritmos E Aplicações},
 publisher= {Cengage Learning},
 pages   = {19 - 30},
 year = {2007}
}

@article{jacobsen_maffei_sperotto_2013,
	author  = {Daniela Renata Jacobsen and Letícia de Queiroz Maffei and Rosária Ilgenfritz Sperotto},
	title   = {JOGOS ELETRÔNICOS: UM ARTEFATO TECNOLÓGICO PARA O ENSINO E
PARA A APRENDIZAGEM},
	journal = {Anais do XI Encontro Nacional de Educação Matemática},
	year    = {2013},
	issn    = {},	
	url     = {http://sbem.iuri0094.hospedagemdesites.ws/anais/XIENEM/pdf/962_1412_ID.pdf}
}

@misc {pnrs_2010,
    title        = {Política Nacional de Resíduos Sólidos},
    organization = {PNRS},
    institution  = {Ministério do Meio Ambiente},
    year         = {2010},
    url          = {https://www.mma.gov.br/cidades-sustentaveis/residuos-solidos/politica-nacional-de-residuos-solidos}
}

@misc{onu30_2015,
    author = {ONU},
    year   = {2015},
    title  = {Agenda 30},
    url    = {https://nacoesunidas.org/pos2015/agenda2030/},
    note   = {Acesso em: 21 mar. 2020.}
}

@misc {pcns_2001,
    title        = {Parâmetros Curriculares Nacionais- Meio Ambiente - Saúde},
    organization = {PCNS},
    address      = {Brasil},
    institution  = {Ministério da Educação},
    year         = {2001},
    url          = {http://portal.mec.gov.br/seb/arquivos/pdf/livro091.pdf}
}

@article{silva_2012,
	author  = {Malvina da Silva Oliveira and Braz da Silva Oliveira and Maria Cristiana da Silva Vilela and Tânia Aparecida Almeida Castro},
	title   = {A IMPORTÂNCIA DA EDUCAÇÃO AMBIENTAL NA ESCOLA E A RECICLAGEM
DO LIXO ORGÂNICO},
	journal = {REVISTA CIENTÍFICA ELETRÕNICA DE CIÊNCIAS SOCIAIS APLICADAS DA EDUVALE},
	year    = {2012},
	issn    = {1806-6283},	
	url     = {http://eduvalesl.revista.inf.br/imagens_arquivos/arquivos_destaque/OqT8ChKZ3qwitpp_2015-12-19-2-22-31.pdf}
}

@article{tadesco_2016,
	author = {Tancicleide Gomes and Jeane Melo and Patrícia Tedesco},
	title = {Jogos Digitais no Ensino de Conceitos de Programação para Crianças},
	journal = {Brazilian Symposium on Computers in Education (Simpósio Brasileiro de Informática na Educação - SBIE)},
	volume = {27},
	number = {1},
	year = {2016},
	keywords = {},
	issn = {2316-6533},	
	pages = {470},	
	doi = {10.5753/cbie.sbie.2016.470},
	url = {https://www.br-ie.org/pub/index.php/sbie/article/view/6728}
	}

@InProceedings{carneiro_2018,
author = {Castilho, L. and Carneiro, E. and Dubiela, R. and Przysiada, F. and Brawerman, A.},
title = {TOWARDS A TANGIBLE USER INTERFACE EMBEDDED COMPUTING PROTOTYPE FOR CHILD EDUCATION},
series = {11th annual International Conference of Education, Research and Innovation},
booktitle = {ICERI2018 Proceedings},
isbn = {978-84-09-05948-5},
issn = {2340-1095},
doi = {10.21125/iceri.2018.2638},
publisher = {IATED},
location = {Seville, Spain},
month = {12-14 November, 2018},
year = {2018},
pages = {6867-6871},
url = {https://library.iated.org/view/CASTILHO2018TOW}
}

@article{liz_2017,
	author = {Lilian Cristine Ribeiro Nascimento and Ana Paula Cortina Liz},
	title = {JOGOS DIGITAIS NO ENSINO DA LÍNGUA PORTUGUESA
PARA CRIANÇAS SURDAS},
	journal = {Periferia},
	volume = {9},
	number = {1},
	year = {2017},
	keywords = {},
	issn = {1984-9540},	
	pages = {263-289},
	url = {https://www.e-publicacoes.uerj.br/index.php/periferia/article/view/28763/20728}
	}

@misc{dados_unity,
    author = {Unity},
    year   = {2020},
    title  = {Nosso impacto em números},
    url    = {https://unity.com/pt/our-company},
    note   = {Acesso em: 5 mai. 2020.}
}

@misc{cuphead,
    author = {Unity},
    year   = {2020},
    title  = {Cuphead - Um jogo},
    url    = {https://unity.com/pt/madewith/cuphead},
    note   = {Acesso em: 5 mai. 2020.}
}

@misc{monument_valley_2,
    author = {Unity},
    year   = {2020},
    title  = {Monument Valley 2 - Um jogo para dispositivos móveis},
    url    = {https://unity.com/pt/madewith/monument-valley-2},
    note   = {Acesso em: 5 mai. 2020.}
}

@misc{about_scratch,
    author = {Scratch},
    year   = {2020},
    title  = {Scratch - Sobre},
    url    = {https://scratch.mit.edu/about},
    note   = {Acesso em: 5 mai. 2020.}
}

@misc{te_2017,
    author = {Tecnologia Educacional},
    year   = {2017},
    title  = {Conheça o BBC micro:bit},
    url    = {https://tecnologia.educacional.com.br/vcmaker/conheca-o-bbc-microbit/},
    note   = {Acesso em: 5 mai. 2020.}
}

@misc{about_microbit,
    author = {micro:bit},
    year   = {2020},
    title  = {About | micro:bit},
    url    = {https://microbit.org/about/},
    note   = {Acesso em: 5 mai. 2020.}
}

@misc{lego_mindstorms,
    author = {Lego},
    year   = {2020},
    title  = {LEGO® MINDSTORMS® EV3},
    url    = {https://www.lego.com/pt-br/product/lego-mindstorms-ev3-31313},
    note   = {Acesso em: 5 mai. 2020.}
}

@misc{labview,
    author = {National Instruments},
    year   = {2020},
    title  = {Ambiente LabVIEW},
    url    = {http://www.ni.com/academic/students/learn-labview/environment/pt/},
    note   = {Acesso em: 5 mai. 2020.}
}

@misc{code_monkey,
    author = {CodeMonkey Studios Inc},
    year   = {2020},
    title = {Code Monkey},
    url = {https://www.codemonkey.com/},
    note   = {Acesso em: 5 mai. 2020.}
}
@misc{kaiser,
    author = {Adrien Kaiser},
    year   = {2017},
    title  = {What is Computer Vision?},
    url    = {https://hayo.io/computer-vision/},
    note   = {Acesso em: 26 jun. 2020.}
}

@misc{visao_computacional,
    author = {Equipe Data Science Academy},
    year   = {2018},
    title  = {O que é visão computacional?},
    url    = {http://datascienceacademy.com.br/blog/o-que-e-visao-computacional/},
    note   = {Acesso em: 26 jun. 2020.}
}

@misc{flaticon,
    author = {Flaticon},
    year   = {2020},
    title  = {Flaticon},
    url    = {https://www.flaticon.com/},
    note   = {Acesso em: 15 set. 2020.}
}


@misc{oms_2020,
    author = {SBPT},
    year   = {2020},
    title  = {Orientações da OMS para prevenção da COVID-19},
    url    = {https://sbpt.org.br/portal/covid-19-oms/},
    note   = {Acesso em: 01 nov. 2020.}
}

%https://tecnologia.educacional.com.br/vcmaker/conheca-o-bbc-microbit/ - TE mirobit

%https://tecnologia.educacional.com.br/inventura/ - inventura

%https://reports.weforum.org/future-of-jobs-2016/chapter-1-the-future-of-jobs-and-skills/ - 65% das crianças

REferencia do problema
% http://www.diaadiaeducacao.pr.gov.br/portals/pde/arquivos/448-4.pdf